<record><leader>00000cas a2200000 a 4500</leader><controlfield tag="001">8625946</controlfield><controlfield tag="008">820723d19101934tnuwr n       0    0eng d</controlfield><datafield ind1=" " ind2=" " tag="010"><subfield code="a">sn 97066055 </subfield></datafield><datafield ind1=" " ind2=" " tag="040"><subfield code="a">VYN</subfield><subfield code="b">eng</subfield><subfield code="c">VYN</subfield><subfield code="d">OCL</subfield><subfield code="d">NSD</subfield><subfield code="d">NVK</subfield><subfield code="d">ATL</subfield><subfield code="d">OCL</subfield><subfield code="d">OCLCQ</subfield><subfield code="d">OCLCG</subfield><subfield code="d">KRTAS</subfield><subfield code="d">DLC</subfield><subfield code="d">OCLCA</subfield><subfield code="d">OCLCF</subfield><subfield code="d">OCLCO</subfield></datafield><datafield ind1="1" ind2=" " tag="029"><subfield code="a">AU@</subfield><subfield code="b">000013708187</subfield></datafield><datafield ind1=" " ind2=" " tag="042"><subfield code="a">msc</subfield></datafield><datafield ind1=" " ind2=" " tag="043"><subfield code="a">n-us---</subfield></datafield><datafield ind1="0" ind2="4" tag="245"><subfield code="a">The Presbyterian advance.</subfield></datafield><datafield ind1=" " ind2=" " tag="260"><subfield code="a">Nashville, Tenn. :</subfield><subfield code="b">Advance Pub. Co.,</subfield><subfield code="c">[1910-1934]</subfield></datafield><datafield ind1=" " ind2=" " tag="300"><subfield code="a">50 v. :</subfield><subfield code="b">ill. ;</subfield><subfield code="c">30-33 cm.</subfield></datafield><datafield ind1="0" ind2=" " tag="362"><subfield code="a">[Vol. 1, no. 1 (Mar. 3, 1910)]-v. 50, no. 3 (Sept. 20, 1934).</subfield></datafield><datafield ind1=" " ind2=" " tag="500"><subfield code="a">Title from cover.</subfield></datafield><datafield ind1=" " ind2=" " tag="500"><subfield code="a">Edited by James E. Clarke.</subfield></datafield><datafield ind1=" " ind2=" " tag="580"><subfield code="a">Continues in part: Cumberland Presbyterian (Nashville, Tenn.). Cf. Presbyterian advance, v. 1, no. 1, p. [3].</subfield></datafield><datafield ind1=" " ind2=" " tag="580"><subfield code="a">Absorbed on Apr. 29, 1926: Continent (Chicago, Ill.).</subfield></datafield><datafield ind1=" " ind2="0" tag="650"><subfield code="a">Presbyterians</subfield><subfield code="z">United States</subfield><subfield code="v">Newspapers.</subfield></datafield><datafield ind1=" " ind2="0" tag="650"><subfield code="a">Presbyterian Church</subfield><subfield code="z">United States</subfield><subfield code="v">Newspapers.</subfield></datafield><datafield ind1=" " ind2="0" tag="650"><subfield code="a">Presbyterian Church</subfield><subfield code="z">Tennessee</subfield><subfield code="v">Newspapers.</subfield></datafield><datafield ind1=" " ind2="0" tag="651"><subfield code="a">Nashville (Tenn.)</subfield><subfield code="v">Newspapers.</subfield></datafield><datafield ind1=" " ind2="7" tag="655"><subfield code="a">Newspapers.</subfield><subfield code="2">fast</subfield><subfield code="0">(OCoLC)fst01423814</subfield></datafield><datafield ind1=" " ind2="7" tag="650"><subfield code="a">Presbyterian Church.</subfield><subfield code="2">fast</subfield><subfield code="0">(OCoLC)fst01075515</subfield></datafield><datafield ind1=" " ind2="7" tag="650"><subfield code="a">Presbyterians.</subfield><subfield code="2">fast</subfield><subfield code="0">(OCoLC)fst01075567</subfield></datafield><datafield ind1=" " ind2="7" tag="651"><subfield code="a">Tennessee.</subfield><subfield code="2">fast</subfield><subfield code="0">(OCoLC)fst01205353</subfield></datafield><datafield ind1=" " ind2="7" tag="651"><subfield code="a">Tennessee</subfield><subfield code="z">Nashville.</subfield><subfield code="2">fast</subfield><subfield code="0">(OCoLC)fst01204195</subfield></datafield><datafield ind1=" " ind2="7" tag="651"><subfield code="a">United States.</subfield><subfield code="2">fast</subfield><subfield code="0">(OCoLC)fst01204155</subfield></datafield><datafield ind1="1" ind2=" " tag="700"><subfield code="a">Clarke, James E.</subfield><subfield code="q">(James Everitt),</subfield><subfield code="d">1868-</subfield></datafield><datafield ind1=" " ind2=" " tag="752"><subfield code="a">United States</subfield><subfield code="b">Tennessee</subfield><subfield code="c">Davidson</subfield><subfield code="d">Nashville.</subfield></datafield><datafield ind1="1" ind2="1" tag="780"><subfield code="t">Cumberland Presbyterian (Nashville, Tenn.)</subfield><subfield code="w">(OCoLC)2260010</subfield></datafield><datafield ind1="1" ind2="5" tag="780"><subfield code="t">Continent (Chicago, Ill.)</subfield><subfield code="x">2169-7353</subfield><subfield code="w">(DLC)   00221513</subfield><subfield code="w">(OCoLC)2446182</subfield></datafield><datafield ind1="0" ind2="0" tag="785"><subfield code="t">Presbyterian tribune</subfield><subfield code="x">1077-6826</subfield><subfield code="w">(DLC)sn 94005259</subfield><subfield code="w">(OCoLC)8630827</subfield></datafield><datafield ind1=" " ind2=" " tag="938"><subfield code="a">Kirtas Technologies, Inc.</subfield><subfield code="b">KRTS</subfield><subfield code="n">857192</subfield></datafield></record>